@misc{googleNow,
	title = {Google Now},
	howpublsihed = "\url{https://www.google.com/landing/now/}"
}